@manual{R_A,
    author = {R\&A, United States Golf Association},
    title = {INITIAL VELOCITY TEST PROTOCOL},
    year = {2019},
    month = {04}
    }

@online{Varsitytutors,
    title = {Normal Distribution of Data},
    url  = {https://www.varsitytutors.com/hotmath/hotmath_help/topics/normal-distribution-of-data},
    addendum = {(accessed: 09.01.2021)},
    keywords = {Varsity}
}

@article{Frank_Grubbs,
    author = {Frank E. Grubbs},
    title = {Procedures for Detecting Outlying Observations in Samples},
    journal = {Technometrics},
    volume = {11},
    number = {1},
    pages = {1-21},
    year = {1969},
    DOI = {https://doi.org/10.1080/00401706.1969.10490657},
    keywords = {Technometrics}
}

@book{Outliers,
    title = {Volume 16: How to Detect and Handle Outliers},
    author = {Boris Iglewicz, David Caster Hoaglin},
    editor = {Edward F. Mykytka, Ph.D.},
    isbn = {9780873892476},
    year = {1993},
    publisher = {American Society for Quality Control Statistics Division},
    keywords = {Outliers}
}

@article{Zmuk,
    author = {Žmuk, Berislav},
    title = {Speeding problem detection in business surveys: Benefits of statistical outlier detection methods},
    journal = {Croatian Operational Research Review},
    volume = {8},
    number = {1},
    pages = {33-59},
    year = {2017},
    month = {05},
    DOI = {https://doi.org/10.17535/crorr.2017.0003}
}

@article{Mask,
    author = {A. C. Atkinson},
    title = {Masking Unmasked.},
    journal = {Biometrika},
    volume = {73},
    number = {3},
    pages = {533–541},
    year = {1986},
    DOI = {https://doi.org/10.2307/2336517}
}

@article{Analysis,
    author = {Hajo Holzmann, Sebastian Vollmer},
    title = {A likelihood ratio test for bimodality in two-component mixtures with application to regional income distribution in the EU},
    journal = {AStA Advances in Statistical Analysis},
    volume = {92},
    number = {1},
    pages = {1-21},
    year = {2008},
    month = {02},
    DOI = {https://doi.org/10.1007/s10182-008-0057-2},
    keywords = {Hajo}
}

@book{Definition,
    title = {The Concise Oxford Dictionary of Mathematics (5 ed.)},
    author = {Christopher Clapham, James Nicholson},
    isbn = {9780199679591},
    year = {2014},
    publisher = {Oxford University Press},
    keywords = {Formula}
}
